<?xml version="1.0" encoding="UTF-8"?><record xmlns="http://www.loc.gov/MARC21/slim" xmlns:cinclude="http://apache.org/cocoon/include/1.0" xmlns:zs="http://www.loc.gov/zing/srw/">
  <leader>02066cz  a2200361n  4500</leader>
  <controlfield tag="001">n  83157792 </controlfield>
  <controlfield tag="003">DLC</controlfield>
  <controlfield tag="005">20130319162232.0</controlfield>
  <controlfield tag="008">830728n| azannaabn          |b aaa      </controlfield>
  <datafield tag="010" ind1=" " ind2=" ">
    <subfield code="a">n  83157792 </subfield>
  </datafield>
  <datafield tag="035" ind1=" " ind2=" ">
    <subfield code="a">(OCoLC)oca00982745</subfield>
  </datafield>
  <datafield tag="040" ind1=" " ind2=" ">
    <subfield code="a">DLC</subfield>
    <subfield code="b">eng</subfield>
    <subfield code="e">rda</subfield>
    <subfield code="c">DLC</subfield>
    <subfield code="d">DLC</subfield>
    <subfield code="d">OCoLC</subfield>
    <subfield code="d">DLC</subfield>
    <subfield code="d">OCoLC</subfield>
    <subfield code="d">DLC</subfield>
  </datafield>
  <datafield tag="046" ind1=" " ind2=" ">
    <subfield code="f">[0987,0988]</subfield>
    <subfield code="g">1076</subfield>
    <subfield code="2">edtf</subfield>
  </datafield>
  <datafield tag="100" ind1="1" ind2=" ">
    <subfield code="a">Ibn Ḥayyān, Abū Marwān Ḥayyān ibn Khalaf,</subfield>
    <subfield code="d">987 or 988-1076</subfield>
  </datafield>
  <datafield tag="400" ind1="0" ind2=" ">
    <subfield code="a">Abū Marwān Ḥayyān ibn Khalaf ibn Ḥayyān,</subfield>
    <subfield code="d">987 or 988-1076</subfield>
  </datafield>
  <datafield tag="400" ind1="1" ind2=" ">
    <subfield code="a">Ben Hayyan,</subfield>
    <subfield code="c">de Córdoba,</subfield>
    <subfield code="d">987 or 988-1076</subfield>
  </datafield>
  <datafield tag="400" ind1="0" ind2=" ">
    <subfield code="a">Ḥaiyan ibn Khalaf ibn Ḥaiyan,</subfield>
    <subfield code="d">987 or 988-1076</subfield>
  </datafield>
  <datafield tag="400" ind1="0" ind2=" ">
    <subfield code="a">Ḥayyān ibn Khalaf al-Qurṭubī,</subfield>
    <subfield code="d">987 or 988-1076</subfield>
  </datafield>
  <datafield tag="400" ind1="1" ind2=" ">
    <subfield code="a">Ibn Ḥaiyan, Ḥaiyan ibn Khalaf,</subfield>
    <subfield code="d">987 or 988-1076</subfield>
  </datafield>
  <datafield tag="400" ind1="1" ind2=" ">
    <subfield code="w">nnea</subfield>
    <subfield code="a">Ibn Ḥayyān, Abū Marwān Ḥayyān ibn Khalaf,</subfield>
    <subfield code="d">987 or 8-1076</subfield>
  </datafield>
  <datafield tag="400" ind1="0" ind2=" ">
    <subfield code="a">Ibn Ḥayyān al-Qurṭubī,</subfield>
    <subfield code="d">987 or 988-1076</subfield>
  </datafield>
  <datafield tag="400" ind1="1" ind2=" ">
    <subfield code="a">Ibn Ḥayyān,</subfield>
    <subfield code="c">de Córdoba,</subfield>
    <subfield code="d">987 or 988-1076</subfield>
  </datafield>
  <datafield tag="400" ind1="1" ind2=" ">
    <subfield code="a">Qurṭubī, Ḥayyān ibn Khalaf,</subfield>
    <subfield code="d">987 or 988-1076</subfield>
  </datafield>
  <datafield tag="400" ind1="1" ind2=" ">
    <subfield code="a">ابو مروان حيان بن خلف بن حيان</subfield>
  </datafield>
  <datafield tag="400" ind1="1" ind2=" ">
    <subfield code="a">ابن حيان، أبو مروان حيان بن خلف،</subfield>
    <subfield code="d">987 or 988-1076</subfield>
  </datafield>
  <datafield tag="400" ind1="1" ind2=" ">
    <subfield code="a">ابن حيان، ابو مروان حيان بن خلف</subfield>
  </datafield>
  <datafield tag="667" ind1=" " ind2=" ">
    <subfield code="a">Machine-derived non-Latin script reference project.</subfield>
  </datafield>
  <datafield tag="667" ind1=" " ind2=" ">
    <subfield code="a">Non-Latin script references not evaluated.</subfield>
  </datafield>
  <datafield tag="670" ind1=" " ind2=" ">
    <subfield code="a">His Crónica del califa ʻAbdurraḥmān III An-Nāṣir entre los años 912 y 942 (al-Muqtabis V), 1981:</subfield>
    <subfield code="b">t.p. (Ibn Ḥayyān, de Córdoba)</subfield>
  </datafield>
  <datafield tag="670" ind1=" " ind2=" ">
    <subfield code="a">Brockelmann, S. I, p. 578</subfield>
    <subfield code="b">(Abū Marwān Ḥaiyān b. Ḫalaf b. Ḥu. b. Ḥaiyān; d. 469/1075)</subfield>
  </datafield>
  <datafield tag="670" ind1=" " ind2=" ">
    <subfield code="a">LC manual auth., 06-24-92</subfield>
    <subfield code="b">(hdg.: Ibn Ḥayyān, Abū Marwān Ḥayyān ibn Khalaf, 987 or 8-1076)</subfield>
  </datafield>
  <datafield tag="670" ind1=" " ind2=" ">
    <subfield code="a">La primera década del reinado de Al-Hakam I, según el Muqtabis II, 1 de Ben Hayyan de Córdoba, 2003:</subfield>
    <subfield code="b">t.p. (Ben Hayyan de Córdoba)</subfield>
  </datafield>
  <datafield tag="670" ind1=" " ind2=" ">
    <subfield code="a">al-Sifr al-thānī min kitāb al-Muqtabas, 2003</subfield>
    <subfield code="b">t.p. (Ibn Ḥayyān al-Qurṭubī )</subfield>
  </datafield>
</record>